<?xml version="1.0" encoding="UTF-8"?><collection xmlns="http://www.loc.gov/MARC21/slim"><record><leader>00445nam--2200133-i-4500</leader><controlfield tag="001">000034986</controlfield><controlfield tag="002">20161230</controlfield><controlfield tag="005">20161230201040</controlfield><controlfield tag="008">060222s1000------------r-----000-0-eng-d</controlfield><datafield ind1=" " ind2=" " tag="080"><subfield code="a">621.039.325(043.3)</subfield></datafield><datafield ind1=" " ind2=" " tag="100"><subfield code="a">Murgulescu, Sanda Elena</subfield></datafield><datafield ind1=" " ind2=" " tag="245"><subfield code="a">Determinarea factorilor elementari de separare ai izotopilor 235u si 238u in procesul de schimb ionic si eluanti in sistemul apa-glicerina</subfield></datafield><datafield ind1=" " ind2=" " tag="260"><subfield code="a">Bucuresti, Csen, 1977, 143p</subfield></datafield><datafield ind1=" " ind2=" " tag="852"><subfield code="a">43913</subfield></datafield></record></collection>